@online{casper2011pkuthss,
	title={pkuthss: LaTeX template for dissertations in Peking University},
	url={https://gitea.com/CasperVector/pkuthss},
	author={Casper Ti. Vector},
	urldate={2011-06-26},
	year={2011}
}

@article{devlin2018bert,
	title={Bert: Pre-training of deep bidirectional transformers for language understanding},
	author={Devlin, Jacob and Chang, Ming-Wei and Lee, Kenton and Toutanova, Kristina},
	journal={Proceedings of the 2019 Conference of the North {A}merican Chapter of the Association for Computational Linguistics: Human Language Technologies, Volume 1 (Long and Short Papers)},
	year={2019}
}

@inproceedings{yang2019xlnet,
	author = {Yang, Zhilin and Dai, Zihang and Yang, Yiming and Carbonell, Jaime and Salakhutdinov, Russ R and Le, Quoc V},
	booktitle = {Advances in Neural Information Processing Systems},
	editor = {H. Wallach and H. Larochelle and A. Beygelzimer and F. d\textquotesingle Alch\'{e}-Buc and E. Fox and R. Garnett},
	pages = {},
	publisher = {Curran Associates, Inc.},
	title = {XLNet: Generalized Autoregressive Pretraining for Language Understanding},
	url = {https://proceedings.neurips.cc/paper/2019/file/dc6a7e655d7e5840e66733e9ee67cc69-Paper.pdf},
	volume = {32},
	year = {2019}
}

@book{gut2013probability,
	title={Probability: a graduate course},
	author={Gut, Allan},
	volume={75},
	year={2013},
	publisher={Springer Science \& Business Media}
}

@book{liu2003uncertain,
  title={不确定规划及应用},
  author={刘宝碇},
  volume={1},
  year={2003},
  publisher={清华大学出版社有限公司}
}

@book{qiu2020nndl,
    title = {神经网络与深度学习},
    publisher = {机械工业出版社},
    year = {2020},
    author = {邱锡鹏},
    address = {北京},
    isbn = {9787111649687},
    url = {https://nndl.github.io/},
}

% vim:ts=4:sw=4
%%%%%%%%%%%%%%%%%%%%%%%%%%%%%%%%%%%%%%%%%%%
% 作業內容
%%%%%%%%%%%%%%%%%%%%%%%%%%%%%%%%%%%%%%%%%%%

@article{garcia2020admd,
  title={Learning with privileged information via adversarial discriminative modality distillation},
  author={Garcia, Nuno and Morerio, Pietro and Murino, Vittorio},
  journal={IEEE Transactions on Pattern Analysis and Machine Intelligence},
  year={2019}
}

% IEEE Transactions - IEEE Xplore
% https://ieeexplore.ieee.org/Xplore/home.jsp

% 1-10

@article{filippo2021,
  title={Graph Neural Networks with Convolutional ARMA Filters},
  author={Filippo Maria Bianchi and Daniele Grattarola and Lorenzo Livi and Cesare Alippi},
  journal={IEEE Transactions on Pattern Analysis and Machine Intelligence},
  year={2021}
}

@article{xingang2021,
  title={Exploiting Deep Generative Prior for Versatile Image Restoration and Manipulation},
  author={Xingang Pan and Xiaohang Zhan and Bo Dai, Dahua Lin and Chen Change Loy and Ping Luo},
  journal={IEEE Transactions on Pattern Analysis and Machine Intelligence},
  year={2021}
}

@article{shervin2021,
  title={Image Segmentation Using Deep Learning: A Survey},
  author={Shervin Minaee and Yuri Y. Boykov and Fatih Porikli and Antonio J Plaza and Nasser Kehtarnavaz and Demetri Terzopoulos},
  journal={IEEE Transactions on Pattern Analysis and Machine Intelligence},
  year={2021}
}

@article{xuan2021,
  title={On the Convergence of Tsetlin Machines for the IDENTITY- and NOT Operators},
  author={Xuan Zhang and Lei Jiao and Ole-Christoffer Granmo and Morten Goodwin},
  journal={IEEE Transactions on Pattern Analysis and Machine Intelligence},
  year={2021}
}

@article{rui2021,
  title={Geodesic Multi-Class SVM with Stiefel Manifold Embedding},
  author={Rui Zhang and Xuelong Li and Hongyuan Zhang and Ziheng Jiao},
  journal={IEEE Transactions on Pattern Analysis and Machine Intelligence},
  year={2021}
}

@article{hongyang2021,
  title={Topology-Aware Graph Pooling Networks},
  author={Hongyang Gao and Yi Liu and Shuiwang Ji},
  journal={IEEE Transactions on Pattern Analysis and Machine Intelligence},
  year={2021}
}

@article{kai2021,
  title={Plug-and-Play Image Restoration with Deep Denoiser Prior},
  author={Kai Zhang and Yawei Li and Wangmeng Zuo and Lei Zhang and Luc Van Gool and Radu Timofte},
  journal={IEEE Transactions on Pattern Analysis and Machine Intelligence},
  year={2021}
}

@article{ke2021,
  title={Path-Restore: Learning Network Path Selection for Image Restoration},
  author={Ke Yu and Xintao Wang and Chao Dong and Xiaoou Tang and Chen Change Loy},
  journal={IEEE Transactions on Pattern Analysis and Machine Intelligence},
  year={2021}
}

@article{zilong2021,
  title={AlignSeg: Feature-Aligned Segmentation Networks},
  author={Zilong Huang and Yunchao Wei and Xinggang Wang and Humphrey Shi and Wenyu Liu and Thomas S. Huang},
  journal={IEEE Transactions on Pattern Analysis and Machine Intelligence},
  year={2021}
}

@article{mingkun2021,
  title={Partial Multi-Label Learning with Noisy Label Identification},
  author={Ming-Kun Xie and Sheng-Jun Huang},
  journal={IEEE Transactions on Pattern Analysis and Machine Intelligence},
  year={2021}
}

% IEEE Transactions - IEEE Xplore

% 11-20

@article{chaoyou2021,
  title={DVG-Face: Dual Variational Generation for Heterogeneous Face Recognition},
  author={Chaoyou Fu and Xiang Wu and Yibo Hu and Huaibo Huang and Ran He},
  journal={IEEE Transactions on Pattern Analysis and Machine Intelligence},
  year={2021}
}

@article{mang2021,
  title={Deep Learning for Person Re-identification: A Survey and Outlook},
  author={Mang Ye and Jianbing Shen and Gaojie Lin and Tao Xiang and Ling Shao and Steven C.H. Hoi},
  journal={IEEE Transactions on Pattern Analysis and Machine Intelligence},
  year={2021}
}

@article{hongshuang2021,
  title={Learning to Detect Salient Object with Multi-source Weak Supervision},
  author={Hongshuang Zhang and Yu Zeng and Huchuan Lu and Lihe Zhang and Jianhua Li and Jinqing Qi},
  journal={IEEE Transactions on Pattern Analysis and Machine Intelligence},
  year={2021}
}

@article{hanqing2021,
  title={GaitSet: Cross-view Gait Recognition through Utilizing Gait as a Deep Set},
  author={Hanqing Chao and Kun Wang and Yiwei He and Junping Zhang and Jianfeng Feng},
  journal={IEEE Transactions on Pattern Analysis and Machine Intelligence},
  year={2021}
}

@article{zerong2021,
  title={PaMIR: Parametric Model-Conditioned Implicit Representation for Image-based Human Reconstruction},
  author={Zerong Zheng and Tao Yu and Yebin Liu and Qionghai Dai},
  journal={IEEE Transactions on Pattern Analysis and Machine Intelligence},
  year={2021}
}

@article{lei2021,
  title={Line Graph Neural Networks for Link Prediction},
  author={Lei Cai and Jundong Li and Jie Wang and Shuiwang Ji},
  journal={IEEE Transactions on Pattern Analysis and Machine Intelligence},
  year={2021}
}

@article{xuanyi2021,
  title={NATS-Bench: Benchmarking NAS Algorithms for Architecture Topology and Size},
  author={Xuanyi Dong and Lu Liu and Katarzyna Musial and Bogdan Gabrys},
  journal={IEEE Transactions on Pattern Analysis and Machine Intelligence},
  year={2021}
}

@article{xinyu2021,
  title={Bayesian Temporal Factorization for Multidimensional Time Series Prediction},
  author={Xinyu Chen and Lijun Sun},
  journal={IEEE Transactions on Pattern Analysis and Machine Intelligence},
  year={2021}
}

@article{mathew2021,
  title={Multi-Moments in Time: Learning and Interpreting Models for Multi-Action Video Understanding},
  author={Mathew Monfort and Bowen Pan and Kandan Ramakrishnan and Alex Andonian and Barry A Mcnamara and Alex Lascelles and Quanfu Fan and Dan Gutfreund and Rogerio Feris and Aude Oliva},
  journal={IEEE Transactions on Pattern Analysis and Machine Intelligence},
  year={2021}
}

@article{dengping2021,
  title={Re-thinking Co-Salient Object Detection},
  author={Deng-Ping Fan and Tengpeng Li and Zheng Lin and Ge-Peng Ji and Dingwen Zhang and Ming-Ming Cheng and Huazhu Fu and Jianbing Shen},
  journal={IEEE Transactions on Pattern Analysis and Machine Intelligence},
  year={2021}
}

% IEEE Transactions - IEEE Xplore

% 21-30

@article{joeytianyi2021,
  title={Locality-Aware Crowd Counting},
  author={Joey Tianyi Zhou and Le Zhang and Du Jiawei and Xi Peng and Zhiwen Fang and Zhe Xiao and Hongyuan Zhu},
  journal={IEEE Transactions on Pattern Analysis and Machine Intelligence},
  year={2021}
}

@article{zhentao2021,
  title={Efficient Semantic Image Synthesis via Class-Adaptive Normalization},
  author={Zhentao Tan and Dongdong Chen and Qi Chu and Menglei Chai and Jing Liao and Mingming He and Lu Yuan and Gang Hua and Nenghai Yu},
  journal={IEEE Transactions on Pattern Analysis and Machine Intelligence},
  year={2021}
}

@article{zhichao2021,
  title={Neural Architecture Transfer},
  author={Zhichao Lu and Gautam Sreekumar and Erik Goodman and Wolfgang Banzhaf and Kalyanmoy Deb and Vishnu Naresh Boddeti},
  journal={IEEE Transactions on Pattern Analysis and Machine Intelligence},
  year={2021}
}

@article{yi2021,
  title={Part-Object Relational Visual Saliency},
  author={Yi Liu and Dingwen Zhang and Qiang Zhang and Jungong Han},
  journal={IEEE Transactions on Pattern Analysis and Machine Intelligence},
  year={2021}
}

@article{jie2021,
  title={SANet: A Slice-Aware Network for Pulmonary Nodule Detection},
  author={Jie Mei and Ming-Ming Cheng and Gang Xu and Lan-Ruo Wan and Huan Zhang},
  journal={IEEE Transactions on Pattern Analysis and Machine Intelligence},
  year={2021}
}

@article{adnansiraj2021,
  title={T-BFA: Targeted Bit-Flip Adversarial Weight Attack},
  author={Adnan Siraj Rakin and Zhezhi He and Jingtao Li and Fan Yao and Chaitali Chakrabarti and Deliang Fan},
  journal={IEEE Transactions on Pattern Analysis and Machine Intelligence},
  year={2021}
}

@article{jiayuan2021,
  title={A Practical O(N2) Outlier Removal Method for Point Cloud Registration},
  author={Jiayuan Li},
  journal={IEEE Transactions on Pattern Analysis and Machine Intelligence},
  year={2021}
}

@article{gan2021,
  title={What and How: Generalized Lifelong Spectral Clustering via Dual Memory},
  author={Gan Sun and Yang Cong  and  Jiahua Dong  and  Yuyang Liu and Zhengming Ding and Haibin Yu},
  journal={IEEE Transactions on Pattern Analysis and Machine Intelligence},
  year={2021}
}

@article{jian2021,
  title={Source Data-absent Unsupervised Domain Adaptation through Hypothesis Transfer and Labeling Transfer},
  author={Jian Liang and Dapeng Hu and Yunbo Wang and Ran He and Jiashi Feng},
  journal={IEEE Transactions on Pattern Analysis and Machine Intelligence},
  year={2021}
}

@article{dengbao2021,
  title={Adaptive Graph Guided Disambiguation for Partial Label Learning},
  author={Deng-Bao Wang and Min-Ling Zhang and Li Li},
  journal={IEEE Transactions on Pattern Analysis and Machine Intelligence},
  year={2021}
}


% IEEE Transactions - Google Scholar

% 31-40

@article{sarahadel2021,
  title={Guided Zoom: Zooming into Network Evidence to Refine Fine-Grained Model Decisions},
  author={Sarah Adel Bargal and Andrea Zunino and Vitali Petsiuk and Jianming Zhang and Kate Saenko and Vittorio Murino and Stan Sclaroff},
  journal={IEEE Transactions on Pattern Analysis and Machine Intelligence},
  year={2021}
}

@article{xuyang2021,
  title={Deconfounded Image Captioning: A Causal Retrospect},
  author={Xu Yang and Hanwang Zhang and Jianfei Cai},
  journal={IEEE Transactions on Pattern Analysis and Machine Intelligence},
  year={2021}
}

@article{mingjie2021,
  title={Discriminative Triad Matching and Reconstruction for Weakly Referring Expression Grounding},
  author={Mingjie Sun and Jimin Xiao and Eng Gee Lim and Si Liu and John Y. Goulermas},
  journal={IEEE Transactions on Pattern Analysis and Machine Intelligence},
  year={2021}
}

@article{piotr2021,
  title={Power Normalizations in Fine-grained Image, Few-shot Image and Graph Classification},
  author={Piotr Koniusz and Hongguang Zhang},
  journal={IEEE Transactions on Pattern Analysis and Machine Intelligence},
  year={2021}
}

@article{jianfeng2021,
  title={Dual Encoding for Video Retrieval by Text},
  author={Jianfeng Dong and Xirong Li and Chaoxi Xu and Xun Yang and Gang Yang and Xun Wang and Meng Wang},
  journal={IEEE Transactions on Pattern Analysis and Machine Intelligence},
  year={2021}
}

@article{aysegul2021,
  title={Unsupervised Disentanglement of Pose, Appearance and Background from Images and Videos},
  author={Aysegul Dundar and Kevin Shih and Animesh Garg and Robert Pottorff and Andrew Tao and Bryan Catanzaro},
  journal={IEEE Transactions on Pattern Analysis and Machine Intelligence},
  year={2021}
}

@article{yulin2021,
  title={Regularizing Deep Networks with Semantic Data Augmentation},
  author={Yulin Wang and Gao Huang and Shiji Song and Xuran Pan and Yitong Xia and Cheng Wu},
  journal={IEEE Transactions on Pattern Analysis and Machine Intelligence},
  year={2021}
}

@article{lucas2021,
  title={Auto-Pytorch: Multi-Fidelity MetaLearning for Efficient and Robust AutoDL},
  author={Lucas Zimmer and Marius Lindauer and Frank Hutter},
  journal={IEEE Transactions on Pattern Analysis and Machine Intelligence},
  year={2021}
}

@article{maosen2021,
  title={Symbiotic Graph Neural Networks for 3D Skeleton-based Human Action Recognition and Motion Prediction},
  author={Maosen Li and Siheng Chen and Xu Chen and Ya Zhang and Yanfeng Wang and Qi Tian},
  journal={IEEE Transactions on Pattern Analysis and Machine Intelligence},
  year={2021}
}

@article{yang2021,
  title={Recursive Copy and Paste GAN: Face Hallucination from Shaded Thumbnails},
  author={Yang Zhang and Ivor Tsang and Yawei Luo and Changhui Hu and Xiaobo Lu and Xin Yu},
  journal={IEEE Transactions on Pattern Analysis and Machine Intelligence},
  year={2021}
}

% IEEE Transactions - Google Scholar
% https://scholar.google.com/

% 41-50

@article{kaiyang2021,
  title={Learning Generalisable Omni-Scale Representations for Person Re-Identification},
  author={Kaiyang Zhou and Yongxin Yang and Andrea Cavallaro and Tao Xiang},
  journal={IEEE Transactions on Pattern Analysis and Machine Intelligence},
  year={2021}
}


@article{kaizhao2021,
  title={Deep Hough Transform for Semantic Line Detection},
  author={Kai Zhao and Qi Han and Chang-Bin Zhang and Jun Xu and Ming-Ming Cheng},
  journal={IEEE Transactions on Pattern Analysis and Machine Intelligence},
  year={2021}
}


@article{piotrkoniusz2021,
  title={Tensor Representations for Action Recognition},
  author={Piotr Koniusz and Lei Wang and Anoop Cherian},
  journal={IEEE Transactions on Pattern Analysis and Machine Intelligence},
  year={2021}
}


@article{wenguan2021,
  title={Salient Object Detection in the Deep Learning Era: An In-depth Survey},
  author={Wenguan Wang and Qiuxia Lai and Huazhu Fu and Jianbing Shen and Haibin Ling and Ruigang Yang},
  journal={IEEE Transactions on Pattern Analysis and Machine Intelligence},
  year={2021}
}


@article{xiangbo2021,
  title={Spatiotemporal Co-attention Recurrent Neural Networks for Human-Skeleton Motion Prediction},
  author={Xiangbo Shu and Liyan Zhang and Guo-Jun Qi and Wei Liu and Jinhui Tang},
  journal={IEEE Transactions on Pattern Analysis and Machine Intelligence},
  year={2021}
}

@article{tianfeizhou2021,
  title={Hierarchical Human Semantic Parsing with Comprehensive Part-Relation Modeling},
  author={Wenguan Wang and Tianfei Zhou and Siyuan Qi and Jianbing Shen and Song-Chun Zhu},
  journal={IEEE Transactions on Pattern Analysis and Machine Intelligence},
  year={2021}
}


@article{junma2021,
  title={AbdomenCT-1K: Is Abdominal Organ Segmentation A Solved Problem},
  author={Jun Ma and Yao Zhang and Song Gu and Cheng Zhu and Cheng Ge and Yichi Zhang and Xingle An and Congcong Wang and Qiyuan Wang and Xin Liu and Shucheng Cao and Qi Zhang and Shangqing Liu and Yunpeng Wang and Yuhui Li and Jian He and Xiaoping Yang},
  journal={IEEE Transactions on Pattern Analysis and Machine Intelligence},
  year={2021}
}


@article{jibinwu2021,
  title={Progressive Tandem Learning for Pattern Recognition with Deep Spiking Neural Networks},
  author={Jibin Wu and Chenglin Xu and Xiao Han and Daquan Zhou and Malu Zhang and Haizhou Li and Kay Chen Tan},
  journal={IEEE Transactions on Pattern Analysis and Machine Intelligence},
  year={2021}
}


@article{zhihuawang2021,
  title={Active Fine-Tuning from gMAD Examples Improves Blind Image Quality Assessment},
  author={Zhihua Wang and Kede Ma},
  journal={IEEE Transactions on Pattern Analysis and Machine Intelligence},
  year={2021}
}


@article{linjiang2021,
  title={Two-Branch Relational Prototypical Network for Weakly Supervised Temporal Action Localization},
  author={Linjiang Huang and Yan Huang and Wanli Ouyang and Liang Wang},
  journal={IEEE Transactions on Pattern Analysis and Machine Intelligence},
  year={2021}
}


% IEEE Transactions - Google Scholar

% 51-60

@article{nicolasgillis2021,
  title={Distributionally Robust and Multi-Objective Nonnegative Matrix Factorization},
  author={Nicolas Gillis and Le Thi Khanh Hien and Valentin Leplat and Vincent Tan},
  journal={IEEE Transactions on Pattern Analysis and Machine Intelligence},
  year={2021}
}

@article{zhihaolin2021,
  title={Learning of 3D Graph Convolution Networks for Point Cloud Analysis},
  author={Zhi-Hao Lin and Sheng Yu Huang and Yu-Chiang Frank Wang},
  journal={IEEE Transactions on Pattern Analysis and Machine Intelligence},
  year={2021}
}

@article{guohaoli2021,
  title={DeepGCNs: Making GCNs Go as Deep as CNNs},
  author={Guohao Li and Matthias Mueller and Guocheng Qian and Itzel Carolina Delgadillo Perez and Abdulellah Abualshour and Ali Kassem Thabet and Bernard Ghanem},
  journal={IEEE Transactions on Pattern Analysis and Machine Intelligence},
  year={2021}
}

@article{kerenfu2021,
  title={Siamese Network for RGB-D Salient Object Detection and Beyond},
  author={Keren Fu and Deng-Ping Fan and Ge-Peng Ji and Qijun Zhao and Jianbing Shen and Ce Zhu},
  journal={IEEE Transactions on Pattern Analysis and Machine Intelligence},
  year={2021}
}

@article{elvinisufi2021,
  title={EdgeNets:Edge Varying Graph Neural Networks},
  author={Elvin Isufi and Fernando Gama and Alejandro Ribeiro},
  journal={IEEE Transactions on Pattern Analysis and Machine Intelligence},
  year={2021}
}

@article{yaweiluo2021,
  title={Category-Level Adversarial Adaptation for Semantic Segmentation using Purified Features},
  author={Yawei Luo and Ping Liu and Liang Zheng and Tao Guan and Junqing Yu and Yi Yang},
  journal={IEEE Transactions on Pattern Analysis and Machine Intelligence},
  year={2021}
}

@article{jiangliuwang2021,
  title={Self-supervised Video Representation Learning by Uncovering Spatio-temporal Statistics},
  author={Jiangliu Wang and Jianbo Jiao and Linchao Bao and Shengfeng He and Wei Liu and Yun-Hui Liu},
  journal={IEEE Transactions on Pattern Analysis and Machine Intelligence},
  year={2021}
}

@article{mehdiali2021,
  title={Bringing Light Into the Dark: A Large-scale Evaluation of Knowledge Graph Embedding Models under a Unified Framework},
  author={Mehdi Ali and Max Berrendorf and Charles Tapley Hoyt and Laurent Vermue and Mikhail Galkin and Sahand Sharifzadeh and Asja Fischer and Volker Tresp and Jens Lehmann},
  journal={IEEE Transactions on Pattern Analysis and Machine Intelligence},
  year={2021}
}

@article{linwang2021,
  title={Knowledge Distillation and Student-Teacher Learning for Visual Intelligence: A Review and New Outlooks},
  author={Lin Wang and Kuk-Jin Yoon},
  journal={IEEE Transactions on Pattern Analysis and Machine Intelligence},
  year={2021}
}

@article{xiaosongzhangfangwan2021,
  title={Learning to Match Anchors for Visual Object Detection},
  author={Xiaosong Zhang and Fang Wan and Chang Liu and Xiangyang Ji and Qixiang Ye},
  journal={IEEE Transactions on Pattern Analysis and Machine Intelligence},
  year={2021}
}

% ACM - ACM Library
% https://dl.acm.org/

% 61-70

@article{weiliang2021,
  title={A Mutual Security Authentication Method for RFID-PUF Circuit Based on Deep Learning},
  author={Wei Liang and Songyou Xie and Dafang Zhang and Xiong Li and Kuan-ching Li},
  journal={ACM Transactions on Internet Technology},
  year={2021}
}

@article{wuq2021,
  title={Equity2Vec: End-to-end Deep Learning Framework for Cross-sectional Asset Pricing},
  author={Wu Q and Brinton C and Zhang Z and Cucuringu M and Pizzoferrato A and Liu Z},
  journal={2nd ACM International Conference on AI in Finance},
  year={2021}
}

@article{chiyuanzhang2021,
  title={Understanding deep learning (still) requires rethinking generalization},
  author={Chiyuan Zhang and Samy Bengio and Moritz Hardt and Benjamin Recht and Oriol Vinyals},
  journal={Communications of the ACM},
  year={2021}
}

@article{kaixuanchen2021,
  title={Deep Learning for Sensor-based Human Activity Recognition: Overview, Challenges, and Opportunities},
  author={Kaixuan Chen and Dalin Zhang and Lina Yao and Bin Guo and Zhiwen Yu and Yunhao Liu},
  journal={ACM Computing Surveys},
  year={2021}
}

@article{shervinminaee2021,
  title={Deep Learning--based Text Classification: A Comprehensive Review},
  author={Shervin Minaee and Nal Kalchbrenner and Erik Cambria and Narjes Nikzad and Meysam Chenaghlu and Jianfeng Gao},
  journal={ACM Computing Surveys},
  year={2021}
}

@article{guansongpang2021,
  title={Deep Learning for Anomaly Detection: A Review},
  author={Guansong Pang and Chunhua Shen and Longbing Cao and Anton Van Den Hengel},
  journal={ACM Computing Surveys},
  year={2021}
}

@article{garvitgoel2021,
  title={ComputeCOVID19+: Accelerating COVID-19 Diagnosis and Monitoring via High-Performance Deep Learning on CT Images},
  author={Garvit Goel and Atharva Gondhalekar and Jingyuan Qi and Zhicheng Zhang and Guohua Cao and Wu Feng},
  journal={ICPP 2021: 50th International Conference on Parallel Processing},
  year={2021}
}

@article{tomvanderweide2017,
  title={Versioning for End-to-End Machine Learning Pipelines},
  author={Tom van der Weide and Dimitris Papadopoulos and Oleg Smirnov and Michal Zielinski and Tim van Kasteren},
  journal={DEEM'17: Proceedings of the 1st Workshop on Data Management for End-to-End Machine Learning},
  year={2017}
}

@article{abdulwasay2021,
  title={Deep Learning: Systems and Responsibility},
  author={Abdul Wasay and Subarna Chatterjee and Stratos Idreos},
  journal={SIGMOD/PODS '21: Proceedings of the 2021 International Conference on Management of Data},
  year={2021}
}

@article{matthewkusz2021,
  title={Building Detection with Deep Learning},
  author={Matthew Kusz and Justin Peters and Laura Huber and Jefferson Davis and Scott Michael},
  journal={PEARC '21: Practice and Experience in Advanced Research Computing},
  year={2021}
}

% IET (IEE) Proceeding - Google Scholar

% 71-80

@article{huiyungong2021,
  title={Few-shot learning with relation propagation and constraint},
  author={Huiyun Gong and Shuo Wang and Xiaowei Zhao and Yifan Yan and Yuqing Ma and Wei Liu and Xianglong Liu},
  journal={IET Computer Vision},
  year={2021}
}

@article{imaniraei2021,
  title={A motion parameters estimating method based on deep learning for visual blurred object tracking},
  author={Iman Iraei and Karim Faez},
  journal={IET Image Processing},
  year={2021}
}

@article{yulingxing2021,
  title={Deep learning-based action recognition with 3D skeleton: A survey},
  author={Yuling Xing and Jia Zhu},
  journal={CAAI Transactions on Intelligence Technology},
  year={2021}
}

@article{nazhu2021,
  title={Falling motion detection algorithm based on deep learning},
  author={Na Zhu and Guangzhe Zhao and Xiaolong Zhang and Zhexue Jin},
  journal={IET Image Processing},
  year={2021}
}

@article{mohammadaliamirabadi2021,
  title={Low complexity deep learning algorithms for compensating atmospheric turbulence in the free space optical communication system},
  author={Mohammad Ali Amirabadi and Mohammad Hossein Kahaei and S. Alireza Nezamalhosseni},
  journal={IET Optoelectronics},
  year={2021}
}

@article{yanlinwu2021,
  title={PCAF-Net: A liver segmentation network based on deep learning},
  author={Yanlin Wu and Guanglei Wang and Zhongyang Wang and Hongrui Wang},
  journal={IET Image Processing},
  year={2021}
}

@article{jiaweinian2021,
  title={A deep learning-based attack on text CAPTCHAs by using object detection techniques},
  author={Jiawei Nian and Ping Wang and Haichang Gao and Xiaoyan Guo},
  journal={IET Information Security},
  year={2021}
}

@article{zhaozhen2021,
  title={Ultra-short-term irradiance forecasting model based on ground-based cloud image and deep learning algorithm},
  author={Zhao Zhen and Xuemin Zhang and Shengwei Mei and Xiqiang Chang and Hua Chai and Rui Yin and Fei Wang},
  journal={IET Renewable Power Generation},
  year={2021}
}

@article{olarewaju2021,
  title={YOLOFig detection model development using deep learning},
  author={Olarewaju Mubashiru Lawal and Huamin Zhao},
  journal={IET Image Processing},
  year={2021}
}

@article{guanwenzhang2021,
  title={A deep learning method for video-based action recognition},
  author={Guanwen Zhang and Yukun Rao and Changhao Wang and Wei Zhou and Xiangyang Ji},
  journal={IET Image Processing},
  year={2021}
}

% IET (IEE) Proceeding - Google Scholar

% 81-85

@article{azkawani2021,
  title={SDN-based intrusion detection system for IoT using deep learning classifier (IDSIoT-SDL)},
  author={Azka Wani and Revathi S and Rubeena Khaliq},
  journal={CAAI Transactions on Intelligence Technology},
  year={2021}
}

@article{hongxinji2021,
  title={Visual inspection for transformer insulation defects by a patrol robot fish based on deep learning},
  author={Hongxin Ji and Xiwang Cui and Weiyan Ren and Liqing Liu and Wei Wang},
  journal={IET Science, Measurement & Technology},
  year={2021}
}

@article{junpengwu2021,
  title={An insulator inspection method based on deep learning applicable to multi-scale and occlusion conditions},
  author={Junpeng Wu and Shaobo Tang and Xianglei Li},
  journal={The Journal of Engineering},
  year={2021}
}

@article{chengxuma2021,
  title={An efficient framework for deep learning-based light-defect image enhancement},
  author={Chengxu Ma and Daihui Li and Shangyou Zeng and Junbo Zhao and Hongyang Chen},
  journal={IET Image Processing},
  year={2021}
}

@article{mukeshkumar2021,
  title={Optimized deep learning model for mango grading: Hybridizing lion plus firefly algorithm},
  author={Mukesh Kumar Tripathi and Dhananjay D. Maktedar},
  journal={IET Image Processing },
  year={2021}
}

% IET (IEE) Proceeding - Baidu Scholar
% https://xueshu.baidu.com/
% 86-90

@article{yingkunxu2019,
  title={Deep learning for multiple object tracking: a survey},
  author={Yingkun Xu and Xiaolong Zhou and Shengyong Chen and Fenfen Li},
  journal={IET Computer Vision},
  year={2019}
}

@article{qinwu2020,
  title={Crowd counting by dual-branch scale-aware network with ranking loss constraints},
  author={Qin Wu and Fangfang Yan and Zhilei Chai and Guodong Guo},
  journal={IET Computer Vision},
  year={2020}
}

@article{abimael2020,
  title={Human-like evaluation method for object motion detection algorithms},
  author={Abimael Guzmán Pando and Mario Ignacio Chacon-Murguia and Lucia B. Chacon-Diaz },
  journal={IET Computer Vision},
  year={2020}
}

@article{sarahahmed2020,
  title={Diversified Fisher Kernel: Encoding Discrimination in Fisher Features to Compete Deep Neural Models for Visual Classification Task},
  author={Sarah Ahmed and Tayyaba Azim},
  journal={IET Computer Vision},
  year={2020}
}

@article{franciscoluongo2020,
  title={Deep learning-based computer vision to recognize and classify suturing gestures in robot-assisted surgery},
  author={Francisco Luongo and Ryan Hakim and Jessica H Nguyen and Animashree Anandkumar},
  journal={Surgery},
  year={2020}
}

% Elsevier - ScienceDirect
% https://www.sciencedirect.com/
% 91-95

@article{fujiyoshi2021,
  title={Deep learning-based image recognition for autonomous driving},
  author={Hironobu Fujiyoshi and Tsubasa Hirakawa and Takayoshi Yamashita},
  journal={IATSS Research},
  year={2021}
}

@article{geertlitjens2019,
  title={State-of-the-Art Deep Learning in Cardiovascular Image Analysis},
  author={Geert Litjens PhD and Francesco Ciompi PhD and Jelmer M.Wolterink PhD and Bob D.de Vos PhD and Tim Leiner MD PhD and Jonas Teuwen PhD and Ivana Išgum PhD},
  journal={JACC: Cardiovascular Imaging},
  year={2019}
}

@article{george2019,
  title={Nemesyst: A hybrid parallelism deep learning-based framework applied for internet of things enabled food retailing refrigeration systems},
  author={George Onoufriou and Ronald Bickerton and Simon Pearson and Georgios Leontidis},
  journal={Computers in Industry},
  year={2019}
}

@article{aines2019,
  title={DeepClas4Bio: Connecting bioimaging tools with deep learning frameworks for image classification},
  author={A.Inés and C.Domínguez and J.Heras and E.Mata and V.Pascual},
  journal={Computers in Biology and Medicine},
  year={2019}
}

@article{jihoonoh2019,
  title={Identifying depression in the National Health and Nutrition Examination Survey data using a deep learning algorithm},
  author={Jihoon Oh and Kyongsik Yun and Uri Maoz and Tae-Suk Kim and Jeong-Ho Chaea},
  journal={Journal of Affective Disorders},
  year={2019}
}

% Springer
% https://link.springer.com/
% 96-100

@article{carole2017,
  title={Generalised Dice Overlap as a Deep Learning Loss Function for Highly Unbalanced Segmentations},
  author={Carole H. Sudre and Wenqi Li and Tom Vercauteren and Sebastien Ourselin and M. Jorge Cardoso},
  journal={International Workshop on Multimodal Learning for Clinical Decision Support},
  year={2017}
}

@article{hesamian2019,
  title={Deep Learning Techniques for Medical Image Segmentation: Achievements and Challenges},
  author={Mohammad Hesam Hesamian and Wenjing Jia and Xiangjian He and Paul Kennedy},
  journal={Journal of Digital Imaging},
  year={2019}
}

@article{pimmoeskops2016,
  title={Deep Learning for Multi-task Medical Image Segmentation in Multiple Modalities},
  author={Pim Moeskops and Jelmer M. Wolterink and Bas H. M. van der Velden and Kenneth G. A. Gilhuijs and Tim Leiner and Max A. Viergever and Ivana Išgum},
  journal={Medical Image Computing and Computer-Assisted Intervention – MICCAI 2016},
  year={2016}
}

@article{niall2019,
  title={Deep Learning vs. Traditional Computer Vision},
  author={Niall O’Mahony and Sean Campbell and Anderson Carvalho and Suman Harapanahalli and Gustavo Velasco Hernandez and Lenka Krpalkova and Daniel Riordan and Joseph Walsh},
  journal={Advances in Computer Vision},
  year={2019}
}

@article{huazhufu2016,
  title={DeepVessel: Retinal Vessel Segmentation via Deep Learning and Conditional Random Field},
  author={Huazhu Fu and Yanwu Xu and  Stephen Lin and Damon Wing Kee Wong and Jiang Liu},
  journal={Medical Image Computing and Computer-Assisted Intervention – MICCAI 2016},
  year={2016}
}

